@ARTICLE{aLowe:Object,
	AUTHOR = "David G. Lowe.",
	TITLE = "Object recognition from local scale-invariant features",
	JOURNAL = "ICCV",
	VOLUME = {2},
	PAGES = {1150-1157},
	MONTH = "Sept.",
	YEAR = {1999}}

@ARTICLE{bSivic:Video,
	AUTHOR = "Sivic, J. and Zisserman, A.",
	TITLE = "Video Google: a text retrieval approach to object matching in videos",
	JOURNAL = {Proceedings of the IEEE International
Conference on Computer Vision},
	VOLUME = {2},
	PAGES = {1470-1477},
	MONTH = "Oct.",
	YEAR = {2003}}

@InProceedings{cPhilbin07:Object,
   author = "Philbin, J. and Chum, O. and Isard, M. and Sivic, J. and Zisserman, A.",
   title = "Object Retrieval with Large Vocabularies and Fast Spatial Matching",
   booktitle = "Proceedings of the IEEE Conference on Computer Vision and Pattern Recognition",
   year = 2007
}

@article { d658:Hough,
	title = {Hough Pyramid Matching: Speeded-up geometry re-ranking for large scale image retrieval},
	author = {Yannis Avrithis and Giorgos Tolias},
	journal = {International Journal of Computer Vision},
	volume = {107},
	number = {1},
	month = {March},
	pages = {1-19},
	year = {2014}
}


@ARTICLE{herlihy:methodology,
	AUTHOR = "Maurice Herlihy",
	TITLE = "A Methodology for Implementing Highly Concurrent
	Data Objects",
	JOURNAL = {ACM Trans. Program. Lang. Syst.},
	VOLUME = {15},
	NUMBER = {5},
	PAGES = {745-770},
	MONTH = "November",
	YEAR = {1993}	}

@BOOK{Lamport:LaTeX,
	AUTHOR = "Leslie Lamport",
	TITLE = "LaTeX User's Guide and Document Reference Manual",
	PUBLISHER = "Addison-Wesley Publishing Company",
	ADDRESS = "Reading, Massachusetts",
	YEAR = "1986"	}

@BOOK{salas:calculus,
	AUTHOR = "S.L. Salas and Einar Hille",
	TITLE = "Calculus: One and Several Variable",
	PUBLISHER = "John Wiley and Sons",
	ADDRESS = "New York",
	YEAR = "1978"	}
